@misc{LLVM,
  title = {LLVM Language Reference Manual},
  howpublished={\url{https://llvm.org/docs/LangRef.html#abstract}}
}

@misc{wasm-core-spec,
  title = {Wasm Github specifications},
  howpublished = {\url{https://webassembly.github.io/spec/core/}},
}

@misc{wasm-polkadot-wiki,
  title = {Polkadot Wiki - Wasm},
  howpublished = {\url{https://wiki.polkadot.network/docs/learn-wasm}},
}

@misc{rossberg2020webassembly,
  title={Webassembly specification},
  author={Rossberg, Andreas},
  year={2020},
  publisher={Pristupljeno}
}


@misc{wasmtime-book,
  title = {Wasmtime Book},
  howpublished = {\url{https://docs.wasmtime.dev/}},
}

@misc{wasm-testsuite,
  title = {Wasm Test Suite},
  howpublished = {\url{https://github.com/WebAssembly/spec/tree/main/test/core}},
}

@misc{wasmi,
  title = {Wasmi},
  howpublished = {\url{https://github.com/paritytech/Wasmi}},
}

@misc{linear-memory,
  title = {Memory In Webassembly},
  howpublished = {\url{https://hacks.mozilla.org/2017/07/memory-in-webassembly-and-why-its-safer-than-you-think/}},
}

@article{wood2016polkadot,
  title={Polkadot: Vision for a heterogeneous multi-chain framework},
  author={Wood, Gavin},
  journal={White paper},
  volume={21},
  number={2327},
  pages={4662},
  year={2016}
}

@article{burdges2020overview,
  title={Overview of polkadot and its design considerations},
  author={Burdges, Jeff and Cevallos, Alfonso and Czaban, Peter and Habermeier, Rob and Hosseini, Syed and Lama, Fabio and Alper, Handan Kilinc and Luo, Ximin and Shirazi, Fatemeh and Stewart, Alistair and others},
  journal={arXiv preprint arXiv:2005.13456},
  year={2020}
}


@misc{parachain-protocol,
  title = {Parachains' Protocol Overview},
  howpublished = {\url{https://wiki.polkadot.network/docs/learn-parachains-protocol}},
}

@misc{cumulus-docs,
  title = {Cumulus Docs},
  howpublished = {\url{https://github.com/paritytech/cumulus/blob/master/docs/overview.md}},
}

@article{buterin2014next,
  title={A next-generation smart contract and decentralized application platform},
  author={Buterin, Vitalik and others},
  journal={white paper},
  volume={3},
  number={37},
  pages={2--1},
  year={2014}
}

@misc{ebpf,
  title = {What is eBPF},
  howpublished = {\url{https://ebpf.io/what-is-ebpf/}},
}

@misc{ebpf-contracts,
  title = {eBPF contracts},
  howpublished = {\url{https://forum.polkadot.network/t/ebpf-contracts-hackathon/1084}},
}

@article{yakovenko2018solana,
  title={Solana: A new architecture for a high performance blockchain v0. 8.13},
  author={Yakovenko, Anatoly},
  journal={Whitepaper},
  year={2018}
}

@misc{risc-v-spec,
  title = {RISC-v spec, Volume I},
  howpublished = {\url{https://github.com/riscv/riscv-isa-manual/releases/download/Ratified-IMAFDQC/riscv-spec-20191213.pdf}},
}

@misc{polkavm-forum,
  title = {RISC-V as SmartContracts language},
  howpublished = {\url{https://forum.polkadot.network/t/exploring-alternatives-to-wasm-for-smart-contracts/2434}},
}

@misc{binaryen,
  title = {Binaryen Github},
  howpublished = {\url{https://github.com/WebAssembly/binaryen}},
}

@misc{rbpf,
  title = {Rbpf Github},
  howpublished = {\url{https://github.com/qmonnet/rbpf}},
}



@misc{polkavm-experiment,
  title = {Polkavm Github},
  howpublished = {\url{https://github.com/koute/polkavm-experiment}},
}
